<record><leader>00000cas a2200000 a 4500</leader><controlfield tag="001">12958480</controlfield><controlfield tag="008">851230d19191929arudn ne      0    0eng d</controlfield><datafield ind1=" " ind2=" " tag="010"><subfield code="a">sn 85032946 </subfield></datafield><datafield ind1=" " ind2=" " tag="040"><subfield code="a">KSH</subfield><subfield code="b">eng</subfield><subfield code="c">KSH</subfield><subfield code="d">NPT</subfield><subfield code="d">ANU</subfield><subfield code="d">NSD</subfield><subfield code="d">OCL</subfield><subfield code="d">OCLCQ</subfield></datafield><datafield ind1=" " ind2=" " tag="042"><subfield code="a">msc</subfield></datafield><datafield ind1="0" ind2=" " tag="130"><subfield code="a">Daily times (Harrison, Ark.)</subfield></datafield><datafield ind1="1" ind2="4" tag="245"><subfield code="a">The Daily times.</subfield></datafield><datafield ind1="1" ind2="7" tag="246"><subfield code="a">Harrison times</subfield></datafield><datafield ind1=" " ind2=" " tag="260"><subfield code="a">Harrison, Boone County, Ark. :</subfield><subfield code="b">J.R. Newman's Sons</subfield></datafield><datafield ind1=" " ind2=" " tag="300"><subfield code="a">v.</subfield></datafield><datafield ind1=" " ind2=" " tag="310"><subfield code="a">Daily (except Sunday)</subfield></datafield><datafield ind1="1" ind2=" " tag="362"><subfield code="a">Began in 1919.</subfield></datafield><datafield ind1="0" ind2=" " tag="362"><subfield code="a">-11th year, no. 10 (Oct. 11, 1929).</subfield></datafield><datafield ind1=" " ind2=" " tag="515"><subfield code="a">Numbering is irregular.</subfield></datafield><datafield ind1=" " ind2=" " tag="588"><subfield code="a">Description based on: Vol. 1, no. 129 (Apr. 2, 1920).</subfield></datafield><datafield ind1=" " ind2=" " tag="752"><subfield code="a">United States</subfield><subfield code="b">Arkansas</subfield><subfield code="c">Boone</subfield><subfield code="d">Harrison.</subfield></datafield><datafield ind1="0" ind2=" " tag="775"><subfield code="t">Harrison times</subfield><subfield code="w">(DLC)sn 88051105</subfield></datafield><datafield ind1="0" ind2="0" tag="785"><subfield code="t">Harrison daily times</subfield><subfield code="x">1074-0384</subfield><subfield code="w">(DLC)sn 88051092</subfield></datafield><datafield ind1="1" ind2=" " tag="029"><subfield code="a">AU@</subfield><subfield code="b">000022167772</subfield></datafield></record>